@misc{resocoder2019course1,
  author  = {Reso Coder},
  title   = {Flutter TDD Clean Architecture - Explanation and Project Structure},
  year    = {2019},
  url     = {https://resocoder.com/2019/08/27/flutter-tdd-clean-architecture-course-1-explanation-project-structure/},
  urldate = {2023-10-24}
}

@misc{unclebob2023,
  author = {Robert C. Martin},
  title  = {The Clean Architecture},
  year   = {2012},
  url    = {https://blog.cleancoder.com/uncle-bob/2012/08/13/the-clean-architecture.html},
  note   = {Accessed: 2023-10-24}
}
